<?xml version="1.0" encoding="UTF-8"?><collection xmlns="http://www.loc.gov/MARC21/slim"><record><leader>00371nam--2200133-i-4500</leader><controlfield tag="001">000001207</controlfield><controlfield tag="002">20161230</controlfield><controlfield tag="005">20161230201024</controlfield><controlfield tag="008">060222s1000------------r-----000-0-eng-d</controlfield><datafield ind1=" " ind2=" " tag="100"><subfield code="a">Herenguel,Jean</subfield></datafield><datafield ind1=" " ind2=" " tag="245"><subfield code="a">Metallurgie special</subfield></datafield><datafield ind1=" " ind2=" " tag="260"><subfield code="a">Paris, Presses Universitat De France, 1962. 342 P</subfield></datafield><datafield ind1=" " ind2=" " tag="490"><subfield code="a">Bibliotheque Des Sciences Et Techniques Nucleaires</subfield></datafield><datafield ind1=" " ind2=" " tag="852"><subfield code="a">18490</subfield></datafield></record></collection>